% This file was created with JabRef 2.10.
% Encoding: Cp1252

@article{gersho1994advances,
  title={Advances in speech and audio compression},
  author={Gersho, Allen},
  journal={Proceedings of the IEEE},
  volume={82},
  number={6},
  pages={900--918},
  year={1994},
  publisher={IEEE}
}

@article{pan1993digital,
  title={Digital audio compression},
  author={Pan, Davis Yen},
  journal={Digital Technical Journal},
  volume={5},
  number={2},
  pages={28--40},
  year={1993}
}

@article{hans2001lossless,
  title={Lossless compression of digital audio},
  author={Hans, Mat and Schafer, Ronald W},
  journal={IEEE Signal processing magazine},
  volume={18},
  number={4},
  pages={21--32},
  year={2001},
  publisher={IEEE}
}

@inproceedings{rangding2004digital,
  title={Digital audio watermarking algorithm based on linear predictive coding in wavelet domain},
  author={Rangding, Wang and Dawen, Xu and Jiner, Chen and Chengtou, Du},
  booktitle={Signal Processing, 2004. Proceedings. ICSP'04. 2004 7th International Conference on},
  volume={3},
  pages={2393--2396},
  year={2004},
  organization={IEEE}
}

@article{makhoul1975linear,
  title={Linear prediction: A tutorial review},
  author={Makhoul, John},
  journal={Proceedings of the IEEE},
  volume={63},
  number={4},
  pages={561--580},
  year={1975},
  publisher={IEEE}
}

@book{albiol2009tratamiento,
  title={Tratamiento digital de la se{\~n}al: teor{\'\i}a y aplicaciones},
  author={Albiol, Antonio and Naranjo, Velery and Prades, Josep},
  number={Sirsi) a456311},
  year={2009}
}

@inproceedings{nussbaumer1984computationally,
  title={Computationally efficient QMF filter banks},
  author={Nussbaumer, HJ and Vetterli, Martin},
  booktitle={Acoustics, Speech, and Signal Processing, IEEE International Conference on ICASSP'84.},
  volume={9},
  pages={437--440},
  year={1984},
  organization={IEEE}
}

@misc{stanford2011,
	author={Nilesh Chide and Shreyas Deshmukh},
	month={Enero 2014},
	title={Implementation of OFDM System using IFFT and FFT},
	doi={http://citeseerx.ist.psu.edu/viewdoc/download?doi=10.1.1.415.3062&rep=rep1&type=pdf}
}

@misc{kadir2007,
	author={Hamza Kadir},
    title={Speech compression using Linear Predictive Coding},
    month={Enero 2007},
    doi={https://www.mathworks.com/matlabcentral/fileexchange/13529-speech-compression-using-linear-predictive-coding}
}

@misc{CIC_matlab,
	author={KRISHNA SANKAR},
	title={Example of Cascaded Integrator Comb filter in Matlab},
	url={http://www.dsplog.com/2007/07/01/example-of-cascaded-integrator-comb-filter-in-matlab/}
}